\begin{thebibliography}{}

@inproceedings{stephens2012past,
  title={PAST: Scalable Ethernet for data centers},
  author={Stephens, Brent and Cox, Alan and Felter, Wes and Dixon, Colin and Carter, John},
  booktitle={Proceedings of the 8th international conference on Emerging networking experiments and technologies},
  pages={49--60},
  year={2012},
  organization={ACM}
}

@article{ullahz,
  title={Z-TCAM: An SRAM-based Architecture for TCAM},
  author={Ullah, Zahid and Jaiswal, Manish K and Cheung, Ray CC},
  journal={Very Large Scale Integration (VLSI) Systems, IEEE Transactions on},
  publisher={IEEE}
}

@inproceedings{yan2014cab,
  title={CAB: a reactive wildcard rule caching system for software-defined networks},
  author={Yan, Bo and Xu, Yang and Xing, Hongya and Xi, Kang and Chao, H Jonathan},
  booktitle={Proceedings of the third workshop on Hot topics in software defined networking},
  pages={163--168},
  year={2014},
  organization={ACM}
}

@inproceedings{shelly2014flow,
  title={Flow caching for high entropy packet fields},
  author={Shelly, Nick and Jackson, Ethan J and Koponen, Teemu and McKeown, Nick and Rajahalme, Jarno},
  booktitle={Proceedings of the third workshop on Hot topics in software defined networking},
  pages={151--156},
  year={2014},
  organization={ACM}
}

@inproceedings{mahoney2005parallel,
  title={Parallel hashing memories: an alternative to content addressable memories},
  author={Mahoney, Patrick and Savaria, Yvon and Bois, Guy and Plante, Patrice},
  booktitle={IEEE-NEWCAS Conference, 2005. The 3rd International},
  pages={223--226},
  year={2005},
  organization={IEEE}
}

@article{taylor2005survey,
  title={Survey and taxonomy of packet classification techniques},
  author={Taylor, David E},
  journal={ACM Computing Surveys (CSUR)},
  volume={37},
  number={3},
  pages={238--275},
  year={2005},
  publisher={ACM}
}

@article{dharmapurikar2006longest,
  title={Longest prefix matching using bloom filters},
  author={Dharmapurikar, Sarang and Krishnamurthy, Praveen and Taylor, David E},
  journal={Networking, IEEE/ACM Transactions on},
  volume={14},
  number={2},
  pages={397--409},
  year={2006},
  publisher={IEEE}
}

@inproceedings{guo2011resistive,
  title={A resistive TCAM accelerator for data-intensive computing},
  author={Guo, Qing and Guo, Xiaochen and Bai, Yuxin and Ipek, Engin},
  booktitle={Proceedings of the 44th Annual IEEE/ACM International Symposium on Microarchitecture},
  pages={339--350},
  year={2011},
  organization={ACM}
}

@article{mckeown2008openflow,
  title={OpenFlow: enabling innovation in campus networks},
  author={McKeown, Nick and Anderson, Tom and Balakrishnan, Hari and Parulkar, Guru and Peterson, Larry and Rexford, Jennifer and Shenker, Scott and Turner, Jonathan},
  journal={ACM SIGCOMM Computer Communication Review},
  volume={38},
  number={2},
  pages={69--74},
  year={2008},
  publisher={ACM}
}

@article{zarek2012openflow,
  title={Openflow timeouts demystified},
  author={Zarek, Adam and Ganjali, Y and Lie, D},
  journal={Univ. of Toronto, Toronto, Ontario, Canada},
  year={2012}
}

@article{mendonca2013survey,
  title={A Survey of software-defined networking: past, present, and future of programmable networks},
  author={Mendonca, Marc and Nunes, Bruno Astuto A and Nguyen, Xuan-Nam and Obraczka, Katia and Turletti, Thierry},
  journal={hal-00825087},
  year={2013}
}

@inproceedings{nakagawa2013domainflow,
  title={Domainflow: Practical flow management method using multiple flow tables in commodity switches},
  author={Nakagawa, Yukihiro and Hyoudou, Kazuki and Lee, Chunghan and Kobayashi, Shinji and Shiraki, Osamu and Shimizu, Takeshi},
  booktitle={Proceedings of the ninth ACM conference on Emerging networking experiments and technologies},
  pages={399--404},
  year={2013},
  organization={ACM}
}

@inproceedings{moshref2013vcrib,
  title={VCRIB: Virtualized rule management in the cloud},
  author={Moshref, Masoud and Yu, Minlan and Sharma, Abhishek and Govindan, Ramesh},
  booktitle={Proc. NSDI},
  year={2013}
}

@article{yu2010scalable,
  title={Scalable flow-based networking with DIFANE},
  author={Yu, Minlan and Rexford, Jennifer and Freedman, Michael J and Wang, Jia},
  journal={ACM SIGCOMM Computer Communication Review},
  volume={40},
  number={4},
  pages={351--362},
  year={2010},
  publisher={ACM}
}

@inproceedings{nguyen2014optimizing,
  title={Optimizing rules placement in OpenFlow networks: trading routing for better efficiency},
  author={Nguyen, Xuan Nam and Saucez, Damien and Barakat, Chadi and Thierry, Turletti and others},
  booktitle={ACM SIGCOMM Workshop on Hot Topics in Software Defined Networking (HotSDN 2014)},
  year={2014}
}

@inproceedings{curtis2011devoflow,
  title={Devoflow: scaling flow management for high-performance networks},
  author={Curtis, Andrew R and Mogul, Jeffrey C and Tourrilhes, Jean and Yalagandula, Praveen and Sharma, Puneet and Banerjee, Sujata},
  booktitle={ACM SIGCOMM Computer Communication Review},
  volume={41},
  number={4},
  pages={254--265},
  year={2011},
  organization={ACM}
}



\end{thebibliography}
